
 <record xmlns="http://www.loc.gov/MARC21/slim">
  <leader>01293cjm a2200289 a 4500</leader>
  <controlfield tag="001">001878039</controlfield>
  <controlfield tag="005">20050110174900.0</controlfield>
  <controlfield tag="007">sd fungnn|||e|</controlfield>
  <controlfield tag="008">940202r19931981nyujzn   i              d</controlfield>
  <datafield tag="024" ind1="1" ind2=" ">
   <subfield code="a">7464573372</subfield>
  </datafield>
  <datafield tag="028" ind1="0" ind2="2">
   <subfield code="a">JK 57337</subfield>
   <subfield code="b">Red Baron</subfield>
  </datafield>
  <datafield tag="035" ind1=" " ind2=" ">
   <subfield code="a">(OCoLC)29737267</subfield>
  </datafield>
  <datafield tag="040" ind1=" " ind2=" ">
   <subfield code="a">SVP</subfield>
   <subfield code="c">SVP</subfield>
   <subfield code="d">LGG</subfield>
  </datafield>
  <datafield tag="100" ind1="1" ind2=" ">
   <subfield code="a">Desmond, Paul,</subfield>
   <subfield code="d">1924-</subfield>
  </datafield>
  <datafield tag="245" ind1="1" ind2="0">
   <subfield code="a">Paul Desmond &amp; the Modern Jazz Quartet</subfield>
   <subfield code="h">[sound recording]</subfield>
  </datafield>
  <datafield tag="260" ind1=" " ind2=" ">
   <subfield code="a">New York, N.Y. :</subfield>
   <subfield code="b">Red Baron :</subfield>
   <subfield code="b">Manufactured by Sony Music Entertainment,</subfield>
   <subfield code="c">p1993.</subfield>
  </datafield>
  <datafield tag="300" ind1=" " ind2=" ">
   <subfield code="a">1 sound disc (39 min.) :</subfield>
   <subfield code="b">digital ;</subfield>
   <subfield code="c">4 3/4 in.</subfield>
  </datafield>
  <datafield tag="511" ind1="0" ind2=" ">
   <subfield code="a">Paul Desmond, alto saxophone; Modern Jazz Quartet: John Lewis, piano; Milt Jackson, vibraphone; Percy Heath, bass; Connie Kay, drums.</subfield>
  </datafield>
  <datafield tag="500" ind1=" " ind2=" ">
   <subfield code="a">All arrangements by John Lewis.</subfield>
  </datafield>
  <datafield tag="518" ind1=" " ind2=" ">
   <subfield code="a">Recorded live on December 25, 1971 at Town Hall, NYC.</subfield>
  </datafield>
  <datafield tag="500" ind1=" " ind2=" ">
   <subfield code="a">Originally released in 1981 by Finesse as LP FW 27487.</subfield>
  </datafield>
  <datafield tag="500" ind1=" " ind2=" ">
   <subfield code="a">Program notes by Irving Townsend, June 1981, on container insert.</subfield>
  </datafield>
  <datafield tag="505" ind1="0" ind2=" ">
   <subfield code="a">Greensleeves -- You go to my head -- Blue dove -- Jesus Christ Superstar -- Here's that rainy day -- East of the sun -- Bags' new groove.</subfield>
  </datafield>
  <datafield tag="650" ind1=" " ind2="0">
   <subfield code="a">Jazz</subfield>
   <subfield code="y">1971-1980.</subfield>
  </datafield>
  <datafield tag="700" ind1="1" ind2=" ">
   <subfield code="a">Lewis, John,</subfield>
   <subfield code="d">1920-</subfield>
  </datafield>
  <datafield tag="710" ind1="2" ind2=" ">
   <subfield code="a">Modern Jazz Quartet.</subfield>
  </datafield>
  <datafield tag="740" ind1="0" ind2=" ">
   <subfield code="a">Paul Desmond and the Modern Jazz Quartet.</subfield>
  </datafield>
 </record>