
 <record xmlns="http://www.loc.gov/MARC21/slim">
  <leader>01829cjm a2200385 a 4500</leader>
  <controlfield tag="001">001964482</controlfield>
  <controlfield tag="005">20060626132700.0</controlfield>
  <controlfield tag="007">sd fzngnn|m|e|</controlfield>
  <controlfield tag="008">871211p19871957nyujzn                  d</controlfield>
  <datafield tag="024" ind1="1" ind2=" ">
   <subfield code="a">4228332902</subfield>
  </datafield>
  <datafield tag="028" ind1="0" ind2="1">
   <subfield code="a">833 290-2</subfield>
   <subfield code="b">Verve</subfield>
  </datafield>
  <datafield tag="033" ind1="0" ind2=" ">
   <subfield code="a">19571027</subfield>
   <subfield code="b">6299</subfield>
   <subfield code="c">D56</subfield>
  </datafield>
  <datafield tag="033" ind1="0" ind2=" ">
   <subfield code="a">196112--</subfield>
   <subfield code="b">3804</subfield>
   <subfield code="c">N4</subfield>
  </datafield>
  <datafield tag="033" ind1="0" ind2=" ">
   <subfield code="a">19571019</subfield>
   <subfield code="b">4104</subfield>
   <subfield code="c">C6</subfield>
  </datafield>
  <datafield tag="033" ind1="0" ind2=" ">
   <subfield code="a">197107--</subfield>
   <subfield code="b">6299</subfield>
   <subfield code="c">V7</subfield>
  </datafield>
  <datafield tag="035" ind1=" " ind2=" ">
   <subfield code="a">(OCoLC)17222092</subfield>
  </datafield>
  <datafield tag="040" ind1=" " ind2=" ">
   <subfield code="a">CPL</subfield>
   <subfield code="c">CPL</subfield>
   <subfield code="d">OCL</subfield>
   <subfield code="d">LGG</subfield>
  </datafield>
  <datafield tag="048" ind1=" " ind2=" ">
   <subfield code="a">pz01</subfield>
   <subfield code="a">ka01</subfield>
   <subfield code="a">sd01</subfield>
   <subfield code="a">pd01</subfield>
  </datafield>
  <datafield tag="110" ind1="2" ind2=" ">
   <subfield code="a">Modern Jazz Quartet.</subfield>
   <subfield code="4">prf</subfield>
  </datafield>
  <datafield tag="245" ind1="1" ind2="4">
   <subfield code="a">The Modern Jazz Quartet plus</subfield>
   <subfield code="h">[sound recording].</subfield>
  </datafield>
  <datafield tag="260" ind1=" " ind2=" ">
   <subfield code="a">[New York] :</subfield>
   <subfield code="b">Verve,</subfield>
   <subfield code="c">p1987.</subfield>
  </datafield>
  <datafield tag="300" ind1=" " ind2=" ">
   <subfield code="a">1 sound disc :</subfield>
   <subfield code="b">digital ;</subfield>
   <subfield code="c">4 3/4 in.</subfield>
  </datafield>
  <datafield tag="440" ind1=" " ind2="0">
   <subfield code="a">Compact jazz</subfield>
  </datafield>
  <datafield tag="511" ind1="0" ind2=" ">
   <subfield code="a">Modern Jazz Quartet (principally) ; Milt Jackson, vibraphone (2nd and 8th works) ; Oscar Peterson, piano (2nd and 8th works) ; Ray Brown, bass (2nd and 8th works) ; Ed Thigpen (2nd work), Louis Hayes (8th work), drums.</subfield>
  </datafield>
  <datafield tag="518" ind1=" " ind2=" ">
   <subfield code="a">Recorded live, Oct. 27, 1957, at the Donaueschingen Jazz Festival (1st, 5th, 7th, and 10th works); Dec. 1961, in New York (2nd work); live, Oct. 19, 1957, at the Opera House, Chicago (3rd, 4th, 6th, and 9th works); July 1971, in Villingen, Germany (8th work).</subfield>
  </datafield>
  <datafield tag="500" ind1=" " ind2=" ">
   <subfield code="a">Compact disc.</subfield>
  </datafield>
  <datafield tag="500" ind1=" " ind2=" ">
   <subfield code="a">Analog recording.</subfield>
  </datafield>
  <datafield tag="505" ind1="0" ind2=" ">
   <subfield code="a">The golden striker (4:08) -- On Green Dolphin Street (7:28) -- D &amp; E (4:55) -- I'll remember April (4:51) -- Cort©·ge (7:15) -- Now's the time (4:43) -- J.B. blues (5:09) -- Reunion blues (6:35) -- 'Round midnight (3:56) -- Three windows (7:20).</subfield>
  </datafield>
  <datafield tag="650" ind1=" " ind2="0">
   <subfield code="a">Jazz.</subfield>
  </datafield>
  <datafield tag="700" ind1="1" ind2=" ">
   <subfield code="a">Jackson, Milt.</subfield>
   <subfield code="4">prf</subfield>
  </datafield>
  <datafield tag="700" ind1="1" ind2=" ">
   <subfield code="a">Peterson, Oscar,</subfield>
   <subfield code="d">1925-</subfield>
   <subfield code="4">prf</subfield>
  </datafield>
  <datafield tag="700" ind1="1" ind2=" ">
   <subfield code="a">Brown, Ray,</subfield>
   <subfield code="d">1926-2002.</subfield>
   <subfield code="4">prf</subfield>
  </datafield>
  <datafield tag="700" ind1="1" ind2=" ">
   <subfield code="a">Thigpen, Ed.</subfield>
   <subfield code="4">prf</subfield>
  </datafield>
  <datafield tag="700" ind1="1" ind2=" ">
   <subfield code="a">Hayes, Louis,</subfield>
   <subfield code="d">1937-</subfield>
   <subfield code="4">prf</subfield>
  </datafield>
  <datafield tag="852" ind1="8" ind2="0">
   <subfield code="b">MUSIC</subfield>
   <subfield code="c">Audio-Visual</subfield>
   <subfield code="h">CD 1131</subfield>
   <subfield code="4">Marvin Duchow Music</subfield>
   <subfield code="5">Audio-Visual</subfield>
  </datafield>
 </record>
</collection>
